<?xml version="1.0" encoding="UTF-8"?><collection xmlns="http://www.loc.gov/MARC21/slim"><record><leader>00400nam--2200157-i-4500</leader><controlfield tag="001">000017183</controlfield><controlfield tag="002">20161230</controlfield><controlfield tag="005">20161230201032</controlfield><controlfield tag="008">060222s1000------------r-----000-0-eng-d</controlfield><datafield ind1=" " ind2=" " tag="020"><subfield code="a">973-578-</subfield></datafield><datafield ind1=" " ind2=" " tag="080"><subfield code="a">530.12</subfield></datafield><datafield ind1=" " ind2=" " tag="100"><subfield code="a">Cotaescu, Ion I</subfield></datafield><datafield ind1=" " ind2=" " tag="245"><subfield code="a">Sisteme oscilante in relativitatea generala</subfield></datafield><datafield ind1=" " ind2=" " tag="260"><subfield code="a">Timisoara, Editura Mirton, 1998. 102 P</subfield></datafield><datafield ind1=" " ind2=" " tag="653"><subfield code="a">Relativity Theory</subfield></datafield><datafield ind1=" " ind2=" " tag="852"><subfield code="a">80880</subfield></datafield></record></collection>